<record><leader>00000cas a22000007a 4500</leader><controlfield tag="001">19128097</controlfield><controlfield tag="008">890209d182718uulauwr ne      0    0eng d</controlfield><datafield ind1=" " ind2=" " tag="010"><subfield code="a">sn 89059018 </subfield></datafield><datafield ind1=" " ind2=" " tag="040"><subfield code="a">LNP</subfield><subfield code="b">eng</subfield><subfield code="c">LNP</subfield><subfield code="d">OCLCQ</subfield></datafield><datafield ind1=" " ind2=" " tag="042"><subfield code="a">msc</subfield></datafield><datafield ind1="0" ind2=" " tag="130"><subfield code="a">Crisis (Saint Francisville, La.)</subfield></datafield><datafield ind1="1" ind2="4" tag="245"><subfield code="a">The Crisis.</subfield></datafield><datafield ind1=" " ind2=" " tag="260"><subfield code="a">St. Francisville, Parish of West Feliciana, La. :</subfield><subfield code="b">Nelson &amp; Johnson</subfield></datafield><datafield ind1=" " ind2=" " tag="300"><subfield code="a">v.</subfield></datafield><datafield ind1=" " ind2=" " tag="310"><subfield code="a">Weekly</subfield></datafield><datafield ind1="1" ind2=" " tag="362"><subfield code="a">Began in 1827?</subfield></datafield><datafield ind1=" " ind2=" " tag="588"><subfield code="a">Description based on: Vol. 1, no. 48 (Nov. 22, 1828).</subfield></datafield><datafield ind1=" " ind2=" " tag="752"><subfield code="a">United States</subfield><subfield code="b">Louisiana</subfield><subfield code="c">West Feliciana</subfield><subfield code="d">Saint Francisville.</subfield></datafield></record>